
@inproceedings{mochol08matcher,
  author    = {Malgorzata Mochol and Anja Jentzsch},
  title     = {Towards a Rule-Based Matcher Selection},
  booktitle = {Proceedings of the 16th international conference on Knowledge Engineering: Practice and Patterns},
  year      = {2008},
  address   = {Acitrezza, Italy}
}


@book{euzenat07matcherbook,
  author    = {Jerome Euzenat and Pavel Shvaiko},
  title     = {Ontology Matching},
  publisher = {Springer},
  year      = {2007}
}


@article{giunchiglia2008semanticmatching,
  author  = {Fausto Giunchiglia and Mikalai Yatskevich and Pavel Shvaiko},
  title   = {Semantic Matching: Algorithms and Implementation},
  year    = {2007},
  journal = {Journal on Data Semantics},
  url     = {https://www.google.com/search?q=1.75inches+to+mm&rlz=1C1GCEA_en&oq=1.75inches+to+mm&aqs=chrome..69i57j6.7855j0j7&sourceid=chrome&ie=UTF-8}
}

@misc{WinNT,
  author       = {Internet Timemachine},
  year         = {1999},
  title        = {{MS Windows NT} Kernel Description},
  howpublished = {\url{http://web.archive.org/web/20080207010024/http://www.808multimedia.com/winnt/kernel.htm}},
  note         = {Accessed: 2010-09-30}
}

@misc{Brownlee2020,
  author       = {Jason Brownlee},
  year         = {2020},
  title        = {How to Calculate Precision, Recall, and F-Measure for Imbalanced Classification},
  howpublished = {\url{https://machinelearningmastery.com/precision-recall-and-f-measure-for-imbalanced-classification/}},
  note         = {Accessed: 2021-11-19}
}

@misc{Peltarion2021,
  author       = {Peltarion},
  year         = {2021},
  title        = {Macro F1-score},
  howpublished = {\url{https://peltarion.com/knowledge-center/documentation/evaluation-view/classification-loss-metrics/macro-f1-score}},
  note         = {Accessed: 2021-11-19}
}

@misc{OrdinalEncoder2021,
  author  = {scikit learn},
  year    = {2021},
  title   = {sklearn.preprocessing.OrdinalEncoder},
  url     = {https://scikit-learn.org/stable/modules/generated/sklearn.preprocessing.OrdinalEncoder.html},
  urldate = {2021-11-20}
}

@article{Kotsiantis2006,
  title     = {Data preprocessing for supervised leaning},
  author    = {Kotsiantis, Sotiris B. and Kanellopoulos, Dimitris and Pintelas, Panagiotis E.},
  journal   = {International journal of computer science},
  volume    = {1},
  number    = {2},
  pages     = {111--117},
  year      = {2006},
  publisher = {Citeseer},
  issn      = {1306-4428}
}


@misc{Yildirim2020,
  author       = {Soner Yildirim},
  year         = {2020},
  title        = {K-Nearest Neighbors (kNN) â€” Explained},
  howpublished = {\url{https://towardsdatascience.com/k-nearest-neighbors-knn-explained-cbc31849a7e3}},
  note         = {Accessed: 2021-11-20}
}